<?xml version="1.0" encoding="UTF-8"?><collection xmlns="http://www.loc.gov/MARC21/slim"><record><leader>00593nam--2200205-u-4500</leader><controlfield tag="001">000054208</controlfield><controlfield tag="002">20161230</controlfield><controlfield tag="005">20161230201051</controlfield><controlfield tag="008">110916s1000------------r-----000-0-eng-d</controlfield><datafield ind1=" " ind2=" " tag="020"><subfield code="a">1872748848</subfield></datafield><datafield ind1=" " ind2=" " tag="040"><subfield code="a">IFIN-HH</subfield></datafield><datafield ind1=" " ind2=" " tag="080"><subfield code="a">535.37:535.82(06)</subfield></datafield><datafield ind1="1" ind2=" " tag="100"><subfield code="a">Herman, B</subfield></datafield><datafield ind1="1" ind2="0" tag="245"><subfield code="a">Fluorescence microscopy</subfield><subfield code="b">Microscopy handbooks 40</subfield><subfield code="c">B. herman</subfield></datafield><datafield ind1=" " ind2=" " tag="250"><subfield code="a">Second Edition</subfield></datafield><datafield ind1=" " ind2=" " tag="260"><subfield code="a">Oxford</subfield><subfield code="b">Bios Scientific Publishers Limited</subfield><subfield code="c">1998</subfield></datafield><datafield ind1=" " ind2=" " tag="300"><subfield code="a">170P</subfield></datafield><datafield ind1=" " ind2=" " tag="490"><subfield code="a">Royal Microscopical Society Microscopy Handbooks 40</subfield></datafield><datafield ind1=" " ind2=" " tag="852"><subfield code="a">81205</subfield><subfield code="c">537.533.35</subfield></datafield><datafield ind1=" " ind2=" " tag="CAT"><subfield code="a">Sys</subfield><subfield code="c">20110916</subfield><subfield code="h">102155</subfield></datafield></record></collection>